<collection>
<record>
<leader>15161cpcaa22019577i 4500</leader>
<controlfield tag="001">17867480</controlfield>
<controlfield tag="005">20180822110738.0</controlfield>
<controlfield tag="007">ss ||njl|||n|e</controlfield>
<controlfield tag="008">130827c19992016xx eng </controlfield>
<datafield ind1=" " ind2=" " tag="906">
<subfield code="a">7</subfield>
<subfield code="b">cbc</subfield>
<subfield code="c">orignew</subfield>
<subfield code="d">u</subfield>
<subfield code="e">ncip</subfield>
<subfield code="f">20</subfield>
<subfield code="g">y-folklife</subfield>
</datafield>
<datafield ind1=" " ind2=" " tag="955">
<subfield code="a">mkru 2013-08-27</subfield>
<subfield code="a">mseg 2013-09-25</subfield>
<subfield code="a">kere 2016-10-18</subfield>
<subfield code="a">mkru 2016-10-26</subfield>
<subfield code="a">mkru 2016-10-31</subfield>
<subfield code="a">mseg 2018-07-28</subfield>
<subfield code="a">mseg 2018-08-02</subfield>
<subfield code="a">mseg 2018-08-22</subfield>
</datafield>
<datafield ind1=" " ind2=" " tag="010">
<subfield code="a"> 2013655443</subfield>
</datafield>
<datafield ind1="2" ind2=" " tag="033">
<subfield code="a">1999----</subfield>
<subfield code="a">2016----</subfield>
</datafield>
<datafield ind1=" " ind2=" " tag="040">
<subfield code="a">DLC</subfield>
<subfield code="b">eng</subfield>
<subfield code="e">dacs</subfield>
<subfield code="c">DLC</subfield>
</datafield>
<datafield ind1=" " ind2=" " tag="041">
<subfield code="a">eng</subfield>
<subfield code="a">spa</subfield>
</datafield>
<datafield ind1=" " ind2=" " tag="043">
<subfield code="a">n-us---</subfield>
</datafield>
<datafield ind1=" " ind2=" " tag="090">
<subfield code="a">
RYM 2842-3057; RYM 3095-3400; RYM 3461-3555, RYN 9090-9199, RYN 9542-9568, RYP 4772-4781, RYQ 2131-2199, RYQ 2243-2260; VRA 4048
</subfield>
</datafield>
<datafield ind1=" " ind2=" " tag="090">
<subfield code="a">AFC 2007/009</subfield>
</datafield>
<datafield ind1="0" ind2="0" tag="245">
<subfield code="a">
Quilt Alliance, Quilters' S.O.S. -- Save Our Stories interviews collection,
</subfield>
<subfield code="f">1999-2016.</subfield>
</datafield>
<datafield ind1="1" ind2=" " tag="246">
<subfield code="a">Alliance for American Quilts interview collection</subfield>
<subfield code="f">1999-2016</subfield>
</datafield>
<datafield ind1="1" ind2=" " tag="246">
<subfield code="i">Project title:</subfield>
<subfield code="a">Quilters' S.O.S. -- Save Our Stories</subfield>
</datafield>
<datafield ind1=" " ind2=" " tag="300">
<subfield code="a">17,495</subfield>
<subfield code="f">items.</subfield>
</datafield>
<datafield ind1=" " ind2=" " tag="300">
<subfield code="a">33</subfield>
<subfield code="f">containers</subfield>
<subfield code="a">(13 3/4</subfield>
<subfield code="f">linear feet)</subfield>
</datafield>
<datafield ind1=" " ind2=" " tag="300">
<subfield code="3">sound recordings</subfield>
<subfield code="a">approximately 855 sound cassettes :</subfield>
<subfield code="b">analog.</subfield>
</datafield>
<datafield ind1=" " ind2=" " tag="300">
<subfield code="3">sound recordings</subfield>
<subfield code="a">approximately 310 sound files :</subfield>
<subfield code="b">digital, WAV.</subfield>
</datafield>
<datafield ind1=" " ind2=" " tag="300">
<subfield code="3">video recordings</subfield>
<subfield code="a">1 videocassette (VHS) :</subfield>
<subfield code="b">sound, color ;</subfield>
<subfield code="c">1/2 in.</subfield>
</datafield>
<datafield ind1=" " ind2=" " tag="300">
<subfield code="3">graphic images</subfield>
<subfield code="a">approximately 425 photographic prints :</subfield>
<subfield code="b">color ;</subfield>
<subfield code="c">various sizes.</subfield>
</datafield>
<datafield ind1=" " ind2=" " tag="300">
<subfield code="3">graphic images</subfield>
<subfield code="a">more than 1,840 images :</subfield>
<subfield code="b">digital, color, jpeg, tiff.</subfield>
</datafield>
<datafield ind1=" " ind2=" " tag="300">
<subfield code="3">manuscripts</subfield>
<subfield code="a">approximately 1,200</subfield>
<subfield code="f">folders (12,390 items)</subfield>
</datafield>
<datafield ind1=" " ind2=" " tag="300">
<subfield code="3">manuscripts</subfield>
<subfield code="a">
approximately 665 digital documents (doc, .docx, .pdf, .rtf)
</subfield>
</datafield>
<datafield ind1=" " ind2=" " tag="300">
<subfield code="3">
transcripts, images, and audio files (.doc, .jpg, .wav, etc.)
</subfield>
<subfield code="a">approximately 950 optical discs :</subfield>
<subfield code="b">digital ;</subfield>
<subfield code="c">4 3/4 in.</subfield>
</datafield>
<datafield ind1=" " ind2=" " tag="300">
<subfield code="3">transcripts and images (.doc, .jpg, etc.)</subfield>
<subfield code="a">10 floppy disks ;</subfield>
<subfield code="c">3 1/2 in.</subfield>
</datafield>
<datafield ind1=" " ind2=" " tag="351">
<subfield code="b">
The materials are conceptually arranged in two series: 1. Administrative files and 2. Interviews. The Interviews series is arranged in record groups for each Quilters' S.O.S. -- Save Our Stories (QSOS) project, and further subdivided into subseries for each interview. Each interview is presented with associated sound recordings, documents, and images. To avoid confusion in cases where multiple duplicative digital files were received for a given piece of content, such as a sound recording which has been saved in multiple file types, or an image for which there are several duplicates, only one file is listed in the finding aid. Interviews are identified based on the ID number assigned by the Quilt Alliance. Generally, these IDs are formed by assigning the state abbreviation and zip code of the quilter's home, followed by a number indicating the order in which the interview occurred. For example, "CA94121-002" would be the 2nd interview performed in the California zip code of 94121. In some cases, instead of a location-based ID, an acronym is used to indicate the project that the interview was a part of. For example, "BOQ-003" is the 3rd interview in the "Barack Obama Quilt" project. Just as often, there may be some combination of acronym and zip code, as is the case with all Daughters of the American Revolution (DAR) interviews.
</subfield>
</datafield>
<datafield ind1="2" ind2=" " tag="520">
<subfield code="a">
This collection consists of sound recordings, transcripts and photographic images documenting interviews conducted as a part of Quilters' S.O.S. -- Save Our Stories (QSOS) project. QSOS is one of several projects and partnerships created by the Quilt Alliance in an effort to preserve, document, and share the lives and stories of quilters and quiltmaking. The project began in 1999 and continued through 2016. QSOS is a grassroots project that utilizes volunteers from across the country to conduct and transcribe oral histories. Interviews are approximately 45 minutes in length and are usually conducted in person, but occasionally are conducted by phone or via e-mail. Interviewees are encouraged to bring a "touchstone" quilt or other object to serve as a focus point for the interview. Rather than record comprehensive life histories, focused interviews target the conversation, for example, on quilt design, sources, techniques, inspiration, standards, and processes, along with other quilt-related topics. The quilts represented in the collection vary widely in technique, style, and execution. Some are self-designed, while some follow traditional patterns or patterns by current designers. There are also historical quilts that date back to the mid-nineteenth to early twenty-first century. Among the quilt types seen in the collection are: hand quilts, machine-quilts (including long arm), traditional pattern quilts, scrap quilts, art quilts, round robin quilts, patriotic quilts and wearable art. The QSOS project documents the complexity and diversity of quiltmakers and their quilts, creating a broadly accessible body of information concerning quiltmaking, both present-day and in living memory.
</subfield>
</datafield>
<datafield ind1="2" ind2=" " tag="520">
<subfield code="b">
As of October 2016 the collection includes 1189 interviews, with all fifty US states, the United States Virgin Islands, and eight other countries represented including: Australia, Canada, Denmark, Georgia (Republic), Germany, Japan, Kenya, Peru, and Russia. The interviews are documented by sound recordings, transcripts and images, in a mix of physical and digital formats. Earlier sound recordings of the interviews are largely on cassette tapes, with later interviews recorded on digital media in .wav, .wma, .mp3, .aif, and .cda formats. The images include both physical photographic prints and digital images in .jpg and .tif formats. The majority of interviews have an associated draft and/or final versions of the transcript. The manuscripts associated with the interviews may also consist of a participant and quilt information form, correspondence, and promotional materials. These documents may be in a physical print format or in digital media in .doc, .docx, .pdf, or .rtf formats. Digital media was received on a variety of carrier formats including compact discs, 3.5 in. floppy disks and zip disks.
</subfield>
</datafield>
<datafield ind1="8" ind2=" " tag="524">
<subfield code="a">
Quilt Alliance, Quilters' S.O.S. -- Save Our Stories interviews collection (AFC 2007/009), Archive of Folk Culture, American Folklife Center, Library of Congress, Washington, D.C.
</subfield>
</datafield>
<datafield ind1="1" ind2=" " tag="506">
<subfield code="a">
Collection is open for research. Access may be restricted. To request materials, please contact the Folklife Reading Room at
</subfield>
<subfield code="u">http://hdl.loc.gov/loc.afc/folklife.contact</subfield>
</datafield>
<datafield ind1=" " ind2=" " tag="530">
<subfield code="a">
Transcribed interviews and accompanying photographs are posted to the Quilt Alliance website which can be accessed at
</subfield>
<subfield code="u">http://quiltalliance.org/projects/qsos/</subfield>
</datafield>
<datafield ind1=" " ind2=" " tag="540">
<subfield code="a">
Duplication of collection materials may be governed by copyright and other restrictions.
</subfield>
</datafield>
<datafield ind1=" " ind2=" " tag="541">
<subfield code="a">Quilt Alliance;</subfield>
<subfield code="c">Donation;</subfield>
<subfield code="d">2007 to 2016.</subfield>
</datafield>
<datafield ind1=" " ind2=" " tag="584">
<subfield code="a">
Accruals: Major accruals were received by the American Folklife Center from the Quilt Alliance in 2007, 2008, 2009, 2010 and 2013. The final accrual is expected in 2016.
</subfield>
</datafield>
<datafield ind1=" " ind2=" " tag="545">
<subfield code="a">
The Quilt Alliance (formerly The Alliance for American Quilts) was formed in 1993 by Shelly Zegart and Eunice Ray of the Kentucky Quilt Project, and Karey Bresenhan and Nancy O'Bryant, corporate officers of Quilts, Inc. and founders of the non-profit Texas Quilt Search, who saw the need to centralize information about quilts and quiltmaking. In the fall of 1999, the Quilters' S.O.S. -- Save Our Stories (QSOS) interview project was introduced by the Quilt Alliance and the International Quilt Festival (IQF). The initial training and interviews took place at the International Quilt Festival in Houston, Texas, in October of 1999. Former Quilt Alliance board members, Bernard Herman, Marcie Cohen Ferris, Patricia Keller and Patricia Crews developed the QSOS project. Karen Musgrave joined the group at the initial training and served for many years as a dedicated volunteer and QSOS taskforce chair. The initial project was such a tremendous success that it was continued, with many additional volunteers spearheading regional QSOS projects, conducting interviews at quilt shows, guild meetings, and private homes across the country and around the world. Of note, one of these organizations is the Daughters of the American Revolution (DAR), a non-profit, non-political volunteer women's organization founded in 1890 in Washington, D.C. In 2004 the DAR created a special position on their American Heritage Committee for QSOS, and has official representation on the Task Force of the Quilt Alliance.
</subfield>
</datafield>
<datafield ind1=" " ind2=" " tag="500">
<subfield code="a">
Processing History: The physical materials were processed according to material type. The manuscript material is organized in the order of arrival at the American Folklife Center archive, with the exception of the Trinity Valley Quilters' Guild interviews which was reorganized in order to be grouped with the three large quilt shows located at the beginning of the manuscript series. The arrangement and folder titles mirror the system which was created by the Quilt Alliance. Sound recordings on cassette tapes were assigned unique sound recording (SR) numbers and organized in the same order as the manuscripts. Compact discs, 3.5 in. floppy disks and zip disks were assigned computer file (CF) numbers and are stored by material type. All digital files have been copied from the original carriers. Additionally, reference copies of all digital images contained on the electronic media were printed out in black and white and placed in the relevant interview folders. The collection contains interviews conducted from 1999-2016. As new materials were received, the installments were not interfiled but were rehoused and arranged in the same fashion as previous installments.
</subfield>
</datafield>
<datafield ind1=" " ind2=" " tag="561">
<subfield code="a">
Custodial History: From 1999 until January 2007, Quilt Alliance partnered with the University of Delaware, Center for Material Culture Studies, under the guidance of Dr. Bernard Herman, to house QSOS records. Since January 2007, the American Folklife Center has served as the repository for QSOS interview materials.
</subfield>
</datafield>
<datafield ind1=" " ind2=" " tag="546">
<subfield code="a">In English, with a few interviews in Spanish</subfield>
</datafield>
<datafield ind1="0" ind2=" " tag="555">
<subfield code="a">Finding aid is available online at</subfield>
<subfield code="u">http://hdl.loc.gov/loc.afc/eadafc.af016009</subfield>
</datafield>
<datafield ind1="0" ind2=" " tag="555">
<subfield code="a">
Preliminary finding aid (2007) with container list and concordance by format is available in the Folklife Reading Room, Library of Congress.
</subfield>
</datafield>
<datafield ind1="1" ind2="0" tag="600">
<subfield code="a">Obama, Barack.</subfield>
</datafield>
<datafield ind1="2" ind2="0" tag="610">
<subfield code="a">American Indian Center of Chicago.</subfield>
</datafield>
<datafield ind1="2" ind2="0" tag="610">
<subfield code="a">American Quilt Study Group.</subfield>
</datafield>
<datafield ind1="2" ind2="0" tag="610">
<subfield code="a">Alzheimer's Art Quilt Initiative.</subfield>
</datafield>
<datafield ind1="2" ind2="0" tag="610">
<subfield code="a">Arizona Quilters Hall of Fame.</subfield>
</datafield>
<datafield ind1="2" ind2="0" tag="610">
<subfield code="a">Asheville Quilt Guild.</subfield>
</datafield>
<datafield ind1="2" ind2="0" tag="610">
<subfield code="a">Cal-Co Quilters' Guild.</subfield>
</datafield>
<datafield ind1="2" ind2="0" tag="610">
<subfield code="a">Daughters of the American Revolution.</subfield>
</datafield>
<datafield ind1="2" ind2="0" tag="610">
<subfield code="a">Hilos de la vida.</subfield>
</datafield>
<datafield ind1="2" ind2="0" tag="610">
<subfield code="a">Kentucky Quilt Project.</subfield>
</datafield>
<datafield ind1="2" ind2="0" tag="610">
<subfield code="a">Naples Quilters Guild.</subfield>
</datafield>
<datafield ind1="2" ind2="0" tag="610">
<subfield code="a">National Museum of Mexican Art.</subfield>
</datafield>
<datafield ind1="2" ind2="0" tag="610">
<subfield code="a">National Quilting Association (U.S.)</subfield>
</datafield>
<datafield ind1="2" ind2="0" tag="610">
<subfield code="a">Ohio Reformatory for Women.</subfield>
</datafield>
<datafield ind1="2" ind2="0" tag="610">
<subfield code="a">Trinity Valley Quilters' Guild.</subfield>
</datafield>
<datafield ind1="2" ind2="0" tag="610">
<subfield code="a">Virginia Quilt Museum.</subfield>
</datafield>
<datafield ind1="2" ind2="0" tag="610">
<subfield code="a">Walter Reed Army Medical Center.</subfield>
</datafield>
<datafield ind1="2" ind2="0" tag="610">
<subfield code="a">Women of Colour Quilters Network.</subfield>
</datafield>
<datafield ind1="2" ind2="0" tag="610">
<subfield code="a">Quilts, Inc.</subfield>
</datafield>
<datafield ind1=" " ind2="0" tag="650">
<subfield code="a">Quiltmakers</subfield>
<subfield code="z">United States</subfield>
<subfield code="v">Interviews.</subfield>
</datafield>
<datafield ind1=" " ind2="0" tag="650">
<subfield code="a">Quilts</subfield>
<subfield code="v">Anecdotes.</subfield>
</datafield>
<datafield ind1=" " ind2="0" tag="650">
<subfield code="a">Quiltmakers</subfield>
<subfield code="x">Societies, etc.</subfield>
</datafield>
<datafield ind1=" " ind2="0" tag="650">
<subfield code="a">Quilts</subfield>
<subfield code="z">United States</subfield>
<subfield code="x">Themes, motives.</subfield>
</datafield>
<datafield ind1=" " ind2="0" tag="650">
<subfield code="a">Quilting</subfield>
<subfield code="z">United States.</subfield>
</datafield>
<datafield ind1=" " ind2="0" tag="650">
<subfield code="a">African American quiltmakers</subfield>
<subfield code="v">Interviews.</subfield>
</datafield>
<datafield ind1=" " ind2="0" tag="650">
<subfield code="a">Male quiltmakers</subfield>
<subfield code="v">Interviews.</subfield>
</datafield>
<datafield ind1=" " ind2="0" tag="650">
<subfield code="a">Hispanic Americans</subfield>
<subfield code="v">Interviews.</subfield>
</datafield>
<datafield ind1=" " ind2="0" tag="650">
<subfield code="a">Needlework, Hmong.</subfield>
</datafield>
<datafield ind1=" " ind2="0" tag="650">
<subfield code="a">Quilting</subfield>
<subfield code="x">Exhibitions.</subfield>
</datafield>
<datafield ind1=" " ind2="0" tag="650">
<subfield code="a">Quilts</subfield>
<subfield code="z">Alabama.</subfield>
</datafield>
<datafield ind1=" " ind2="0" tag="650">
<subfield code="a">Quilts</subfield>
<subfield code="z">Alaska.</subfield>
</datafield>
<datafield ind1=" " ind2="0" tag="650">
<subfield code="a">Quilts</subfield>
<subfield code="z">Arizona.</subfield>
</datafield>
<datafield ind1=" " ind2="0" tag="650">
<subfield code="a">Quilts</subfield>
<subfield code="z">Arkansas.</subfield>
</datafield>
<datafield ind1=" " ind2="0" tag="650">
<subfield code="a">Quilts</subfield>
<subfield code="z">California.</subfield>
</datafield>
<datafield ind1=" " ind2="0" tag="650">
<subfield code="a">Quilts</subfield>
<subfield code="z">Canada.</subfield>
</datafield>
<datafield ind1=" " ind2="0" tag="650">
<subfield code="a">Quilts</subfield>
<subfield code="z">Colorado.</subfield>
</datafield>
<datafield ind1=" " ind2="0" tag="650">
<subfield code="a">Quilts</subfield>
<subfield code="z">Connecticut.</subfield>
</datafield>
<datafield ind1=" " ind2="0" tag="650">
<subfield code="a">Quilts</subfield>
<subfield code="z">Delaware.</subfield>
</datafield>
<datafield ind1=" " ind2="0" tag="650">
<subfield code="a">Quilts</subfield>
<subfield code="z">Denmark.</subfield>
</datafield>
<datafield ind1=" " ind2="0" tag="650">
<subfield code="a">Quilts</subfield>
<subfield code="z">Florida.</subfield>
</datafield>
<datafield ind1=" " ind2="0" tag="650">
<subfield code="a">Quilts</subfield>
<subfield code="z">France.</subfield>
</datafield>
<datafield ind1=" " ind2="0" tag="650">
<subfield code="a">Quilts</subfield>
<subfield code="z">Georgia.</subfield>
</datafield>
<datafield ind1=" " ind2="0" tag="650">
<subfield code="a">Quilts</subfield>
<subfield code="z">Germany.</subfield>
</datafield>
<datafield ind1=" " ind2="0" tag="650">
<subfield code="a">Quilts</subfield>
<subfield code="z">Hawaii.</subfield>
</datafield>
<datafield ind1=" " ind2="0" tag="650">
<subfield code="a">Quilts</subfield>
<subfield code="z">Idaho.</subfield>
</datafield>
<datafield ind1=" " ind2="0" tag="650">
<subfield code="a">Quilts</subfield>
<subfield code="z">Illinois.</subfield>
</datafield>
<datafield ind1=" " ind2="0" tag="650">
<subfield code="a">Quilts</subfield>
<subfield code="z">Indiana.</subfield>
</datafield>
<datafield ind1=" " ind2="0" tag="650">
<subfield code="a">Quilts</subfield>
<subfield code="z">Iowa.</subfield>
</datafield>
<datafield ind1=" " ind2="0" tag="650">
<subfield code="a">Quilts</subfield>
<subfield code="z">Kansas.</subfield>
</datafield>
<datafield ind1=" " ind2="0" tag="650">
<subfield code="a">Quilts</subfield>
<subfield code="z">Kentucky.</subfield>
</datafield>
<datafield ind1=" " ind2="0" tag="650">
<subfield code="a">Quilts</subfield>
<subfield code="z">Kenya.</subfield>
</datafield>
<datafield ind1=" " ind2="0" tag="650">
<subfield code="a">Quilts</subfield>
<subfield code="z">Louisiana.</subfield>
</datafield>
<datafield ind1=" " ind2="0" tag="650">
<subfield code="a">Quilts</subfield>
<subfield code="z">Maine.</subfield>
</datafield>
<datafield ind1=" " ind2="0" tag="650">
<subfield code="a">Quilts</subfield>
<subfield code="z">Maryland.</subfield>
</datafield>
<datafield ind1=" " ind2="0" tag="650">
<subfield code="a">Quilts</subfield>
<subfield code="z">Massachusetts.</subfield>
</datafield>
<datafield ind1=" " ind2="0" tag="650">
<subfield code="a">Quilts</subfield>
<subfield code="z">Michigan.</subfield>
</datafield>
<datafield ind1=" " ind2="0" tag="650">
<subfield code="a">Quilts</subfield>
<subfield code="z">Minnesota.</subfield>
</datafield>
<datafield ind1=" " ind2="0" tag="650">
<subfield code="a">Quilts</subfield>
<subfield code="z">Mississippi.</subfield>
</datafield>
<datafield ind1=" " ind2="0" tag="650">
<subfield code="a">Quilts</subfield>
<subfield code="z">Missouri.</subfield>
</datafield>
<datafield ind1=" " ind2="0" tag="650">
<subfield code="a">Quilts</subfield>
<subfield code="z">Montana.</subfield>
</datafield>
<datafield ind1=" " ind2="0" tag="650">
<subfield code="a">Quilts</subfield>
<subfield code="z">Nebraska.</subfield>
</datafield>
<datafield ind1=" " ind2="0" tag="650">
<subfield code="a">Quilts</subfield>
<subfield code="z">Nevada.</subfield>
</datafield>
<datafield ind1=" " ind2="0" tag="650">
<subfield code="a">Quilts</subfield>
<subfield code="z">New Hampshire.</subfield>
</datafield>
<datafield ind1=" " ind2="0" tag="650">
<subfield code="a">Quilts</subfield>
<subfield code="z">New Jersey.</subfield>
</datafield>
<datafield ind1=" " ind2="0" tag="650">
<subfield code="a">Quilts</subfield>
<subfield code="z">New Mexico.</subfield>
</datafield>
<datafield ind1=" " ind2="0" tag="650">
<subfield code="a">Quilts</subfield>
<subfield code="z">New York (State)</subfield>
</datafield>
<datafield ind1=" " ind2="0" tag="650">
<subfield code="a">Quilts</subfield>
<subfield code="z">New Zealand.</subfield>
</datafield>
<datafield ind1=" " ind2="0" tag="650">
<subfield code="a">Quilts</subfield>
<subfield code="z">North Carolina.</subfield>
</datafield>
<datafield ind1=" " ind2="0" tag="650">
<subfield code="a">Quilts</subfield>
<subfield code="z">North Dakota.</subfield>
</datafield>
<datafield ind1=" " ind2="0" tag="650">
<subfield code="a">Quilts</subfield>
<subfield code="z">Ohio.</subfield>
</datafield>
<datafield ind1=" " ind2="0" tag="650">
<subfield code="a">Quilts</subfield>
<subfield code="z">Oklahoma.</subfield>
</datafield>
<datafield ind1=" " ind2="0" tag="650">
<subfield code="a">Quilts</subfield>
<subfield code="z">Oregon.</subfield>
</datafield>
<datafield ind1=" " ind2="0" tag="650">
<subfield code="a">Quilts</subfield>
<subfield code="z">Pennsylvania.</subfield>
</datafield>
<datafield ind1=" " ind2="0" tag="650">
<subfield code="a">Quilts</subfield>
<subfield code="z">Peru.</subfield>
</datafield>
<datafield ind1=" " ind2="0" tag="650">
<subfield code="a">Quilts</subfield>
<subfield code="z">Georgia (Republic)</subfield>
</datafield>
<datafield ind1=" " ind2="0" tag="650">
<subfield code="a">Quilts</subfield>
<subfield code="z">Rhode Island.</subfield>
</datafield>
<datafield ind1=" " ind2="0" tag="650">
<subfield code="a">Quilts</subfield>
<subfield code="z">South Carolina.</subfield>
</datafield>
<datafield ind1=" " ind2="0" tag="650">
<subfield code="a">Quilts</subfield>
<subfield code="z">South Dakota.</subfield>
</datafield>
<datafield ind1=" " ind2="0" tag="650">
<subfield code="a">Quilts</subfield>
<subfield code="z">Tennessee.</subfield>
</datafield>
<datafield ind1=" " ind2="0" tag="650">
<subfield code="a">Quilts</subfield>
<subfield code="z">Texas.</subfield>
</datafield>
<datafield ind1=" " ind2="0" tag="650">
<subfield code="a">Quilts</subfield>
<subfield code="z">United States Virgin Islands</subfield>
</datafield>
<datafield ind1=" " ind2="0" tag="650">
<subfield code="a">Quilts</subfield>
<subfield code="z">Utah.</subfield>
</datafield>
<datafield ind1=" " ind2="0" tag="650">
<subfield code="a">Quilts</subfield>
<subfield code="z">Vermont.</subfield>
</datafield>
<datafield ind1=" " ind2="0" tag="650">
<subfield code="a">Quilts</subfield>
<subfield code="z">Virginia.</subfield>
</datafield>
<datafield ind1=" " ind2="0" tag="650">
<subfield code="a">Quilts</subfield>
<subfield code="z">Washington (D.C.)</subfield>
</datafield>
<datafield ind1=" " ind2="0" tag="650">
<subfield code="a">Quilts</subfield>
<subfield code="z">Washington (State)</subfield>
</datafield>
<datafield ind1=" " ind2="0" tag="650">
<subfield code="a">Quilts</subfield>
<subfield code="z">West Virginia.</subfield>
</datafield>
<datafield ind1=" " ind2="0" tag="650">
<subfield code="a">Quilts</subfield>
<subfield code="z">Wisconsin.</subfield>
</datafield>
<datafield ind1=" " ind2="0" tag="650">
<subfield code="a">Quilts</subfield>
<subfield code="z">Wyoming.</subfield>
</datafield>
<datafield ind1=" " ind2="0" tag="650">
<subfield code="a">Quilts</subfield>
<subfield code="v">Photographs.</subfield>
</datafield>
<datafield ind1=" " ind2="0" tag="650">
<subfield code="a">Quilting</subfield>
<subfield code="v">Patterns.</subfield>
</datafield>
<datafield ind1=" " ind2="0" tag="650">
<subfield code="a">Storytelling.</subfield>
</datafield>
<datafield ind1=" " ind2="0" tag="650">
<subfield code="a">Women artists</subfield>
<subfield code="v">Interviews.</subfield>
</datafield>
<datafield ind1=" " ind2="0" tag="650">
<subfield code="a">Arpilleras.</subfield>
</datafield>
<datafield ind1=" " ind2="0" tag="650">
<subfield code="a">Machine quilting.</subfield>
</datafield>
<datafield ind1=" " ind2="0" tag="650">
<subfield code="a">Folk art quilts.</subfield>
</datafield>
<datafield ind1=" " ind2="0" tag="650">
<subfield code="a">Art quilts.</subfield>
</datafield>
<datafield ind1=" " ind2="0" tag="650">
<subfield code="a">Narrative art.</subfield>
</datafield>
<datafield ind1=" " ind2="0" tag="650">
<subfield code="a">Quilted goods.</subfield>
</datafield>
<datafield ind1=" " ind2="7" tag="650">
<subfield code="a">Scrap quilts.</subfield>
<subfield code="2">aat</subfield>
</datafield>
<datafield ind1=" " ind2="7" tag="650">
<subfield code="a">Patriotic quilts.</subfield>
<subfield code="2">aat</subfield>
</datafield>
<datafield ind1=" " ind2="7" tag="650">
<subfield code="a">Hand quilting.</subfield>
<subfield code="2">afset</subfield>
</datafield>
<datafield ind1=" " ind2="0" tag="651">
<subfield code="a">United States</subfield>
<subfield code="x">Social life and customs.</subfield>
</datafield>
<datafield ind1=" " ind2="7" tag="655">
<subfield code="a">Interviews.</subfield>
<subfield code="2">lcgft</subfield>
</datafield>
<datafield ind1=" " ind2="7" tag="655">
<subfield code="a">Oral histories.</subfield>
<subfield code="2">lcgft</subfield>
</datafield>
<datafield ind1=" " ind2="7" tag="655">
<subfield code="a">Interviews (Sound recordings).</subfield>
<subfield code="2">lcgft</subfield>
</datafield>
<datafield ind1=" " ind2="7" tag="655">
<subfield code="a">Video recordings.</subfield>
<subfield code="2">aat</subfield>
</datafield>
<datafield ind1=" " ind2="7" tag="655">
<subfield code="a">Photographs.</subfield>
<subfield code="2">aat</subfield>
</datafield>
<datafield ind1=" " ind2="7" tag="655">
<subfield code="a">Manuscripts.</subfield>
<subfield code="2">aat</subfield>
</datafield>
<datafield ind1="1" ind2=" " tag="700">
<subfield code="a">Herman, Bernard L.,</subfield>
<subfield code="d">1951-</subfield>
<subfield code="e">interviewer.</subfield>
</datafield>
<datafield ind1="1" ind2=" " tag="700">
<subfield code="a">Musgrave, Karen S.,</subfield>
<subfield code="d">1955-</subfield>
<subfield code="e">interviewer,</subfield>
<subfield code="e">interviewee.</subfield>
</datafield>
<datafield ind1="1" ind2=" " tag="700">
<subfield code="a">Pritchard, Gayle A.,</subfield>
<subfield code="d">1957-</subfield>
<subfield code="e">interviewer.</subfield>
</datafield>
<datafield ind1="2" ind2=" " tag="710">
<subfield code="a">Quilt Alliance,</subfield>
<subfield code="e">collector.</subfield>
</datafield>
<datafield ind1="2" ind2=" " tag="710">
<subfield code="a">University of Delaware.</subfield>
<subfield code="b">Center for Material Culture Studies,</subfield>
<subfield code="e">sponsor,</subfield>
<subfield code="e">former owner.</subfield>
</datafield>
<datafield ind1="2" ind2=" " tag="711">
<subfield code="a">International Quilt Festival/Houston,</subfield>
<subfield code="e">sponsor.</subfield>
</datafield>
<datafield ind1=" " ind2=" " tag="852">
<subfield code="a">Library of Congress</subfield>
<subfield code="b">Archive of Folk Culture, American Folklife Center,</subfield>
<subfield code="e">
101 Independence Ave. S.E., Washington, DC USA 20540-4610
</subfield>
<subfield code="u">http://hdl.loc.gov/loc.afc/folklife.home</subfield>
</datafield>
<datafield ind1="4" ind2="2" tag="856">
<subfield code="3">Finding aid</subfield>
<subfield code="u">http://hdl.loc.gov/loc.afc/eadafc.af016009</subfield>
</datafield>
<datafield ind1=" " ind2=" " tag="985">
<subfield code="a">afc/ead</subfield>
</datafield>
<datafield ind1=" " ind2=" " tag="985">
<subfield code="a">afc/coll</subfield>
</datafield>
</record>
</collection>